@article{1,
    author  = "Jasmine Fardouly and Lenny R Vartanian",
    title   = "\textbf{Social Media and Body Image Concerns: Current Research and Future Directions}",
    year    = "2016",
    journal = "Current Opinion in Psychology",
    pages   = "\textbf{9}:1â€“5"
}

@article{threejs,
    title   = "three.js",
    howpublished = "\url{http://threejs.org}"
}

@article{websocket,
    title   = "The WebSocket Protocol",
    howpublished = "\url{https://tools.ietf.org/html/rfc6455}"
}